@inproceedings{manor2019,
 title={Plain {English} Summarization of Legal Contracts},
 author={\textbf{Laura Manor} and Li, Junyi Jessy},
  booktitle={Proceedings of the Workshop on Natural Legal Language Processing (NLLP)},
      year={to appear, 2019},
      intype = {to appear in},
}